<?xml version="1.0" encoding="utf-8"?>
<record xmlns="http://www.loc.gov/MARC21/slim" xmlns:xsi="http://www.w3.org/2001/XMLSchema-instance" xsi:schemaLocation="http://www.loc.gov/MARC21/slim http://www.loc.gov/standards/marcxml/schema/MARC21slim.xsd">
	<leader>     nam a22     Mi 4500</leader>
	<controlfield tag="001">b12412740</controlfield>
	<controlfield tag="003">UaCaAUL</controlfield>
	<controlfield tag="006">m        d        </controlfield>
	<controlfield tag="007">cr cn |||m|||a</controlfield>
	<controlfield tag="008">200122s1955    ua      o     001 0 ara d</controlfield>
	<datafield ind1=" " ind2=" " tag="040">
		<subfield code="a">ZYU</subfield>
		<subfield code="b">ara</subfield>
		<subfield code="e">rda</subfield>
		<subfield code="c">ZYU</subfield>
	</datafield>
	<datafield ind1=" " ind2="4" tag="050">
		<subfield code="a">PJ7701.6.T35</subfield>
		<subfield code="b">H37x 1955</subfield>
	</datafield>
	<datafield ind1="1" ind2="4" tag="050">
		<subfield code="a">PJ7641</subfield>
	</datafield>
	<datafield ind1="0" ind2=" " tag="100">
		<subfield code="6">880-01</subfield>
		<subfield code="a">Abū Tammām Ḥabīb ibn Aws al-Ṭāʼī,</subfield>
		<subfield code="d">active 808-842.</subfield>
	</datafield>
	<datafield ind1="1" ind2="0" tag="240">
		<subfield code="6">880-02</subfield>
		<subfield code="a">Ḥamāsah.</subfield>
	</datafield>
	<datafield ind1="1" ind2="0" tag="245">
		<subfield code="6">880-03</subfield>
		<subfield code="a">Dīwān al-ḥamāsah :</subfield>
		<subfield code="b">mukhtaṣar min sharḥ al-ʻallāmah al-Tibrīzī /</subfield>
		<subfield code="c">li-Abī tammām Ḥabīb ibn Aws al-Ṭāʼī ; ʻallaqa ʻalayhi wa-rājaʻahu Muḥammad ʻAbd al-Munʻim Khafājī, al-mudarris bi-al-Azhar.</subfield>
	</datafield>
	<datafield ind1=" " ind2="1" tag="264">
		<subfield code="6">880-04</subfield>
		<subfield code="a">Miṣr :</subfield>
		<subfield code="b">yuṭlabu min Maktabat wa-Maṭbaʻat Muḥammad ʻAli Ṣubayḥ wa-Awlāduhu bi-Maydān al-Azhar bi-Miṣr,</subfield>
		<subfield code="c">1374 H, 1955 M.</subfield>
	</datafield>
	<datafield ind1=" " ind2=" " tag="300">
		<subfield code="a">online resource (2 volumes)</subfield>
	</datafield>
	<datafield ind1=" " ind2=" " tag="336">
		<subfield code="a">text</subfield>
		<subfield code="2">rdacontent</subfield>
	</datafield>
	<datafield ind1=" " ind2=" " tag="337">
		<subfield code="a">computer</subfield>
		<subfield code="2">rdamedia</subfield>
	</datafield>
	<datafield ind1=" " ind2=" " tag="338">
		<subfield code="a">online resource</subfield>
		<subfield code="2">rdacarrier</subfield>
	</datafield>
	<datafield ind1=" " ind2=" " tag="500">
		<subfield code="a">Includes index.</subfield>
	</datafield>
	<datafield ind1=" " ind2=" " tag="500">
		<subfield code="a">Part of the Arabic Collections Online (ACO) project, contributed by American University in Cairo Library.</subfield>
	</datafield>
	<datafield ind1=" " ind2=" " tag="533">
		<subfield code="a">Electronic reproduction.</subfield>
		<subfield code="b">New York, N.Y. :</subfield>
		<subfield code="c">New York University,</subfield>
		<subfield code="d">2020.</subfield>
		<subfield code="5">NNU</subfield>
	</datafield>
	<datafield ind1=" " ind2="0" tag="650">
		<subfield code="a">Arabic poetry</subfield>
		<subfield code="y">750-1258.</subfield>
	</datafield>
	<datafield ind1=" " ind2="7" tag="650">
		<subfield code="a">Arabic poetry.</subfield>
		<subfield code="2">fast</subfield>
		<subfield code="0">(OCoLC)fst00812533</subfield>
	</datafield>
	<datafield ind1=" " ind2="7" tag="648">
		<subfield code="a">750-1258</subfield>
		<subfield code="2">fast</subfield>
	</datafield>
	<datafield ind1="1" ind2=" " tag="700">
		<subfield code="6">880-05</subfield>
		<subfield code="a">Tibrīzī, Yaḥyá ibn ʻAlī,</subfield>
		<subfield code="d">-1109.</subfield>
	</datafield>
	<datafield ind1="1" ind2=" " tag="700">
		<subfield code="6">880-06</subfield>
		<subfield code="a">Khafājī, Muḥammad ʻAbd al-Munʻim.</subfield>
	</datafield>
	<datafield ind1="2" ind2=" " tag="710">
		<subfield code="a">American University in Cairo.</subfield>
		<subfield code="b">Library.</subfield>
	</datafield>
	<datafield ind1="0" ind2=" " tag="730">
		<subfield code="a">Arabic Collections Online.</subfield>
	</datafield>
	<datafield ind1="0" ind2="8" tag="776">
		<subfield code="i">Print version:</subfield>
		<subfield code="a">Abū Tammām Ḥabīb ibn Aws al-Ṭāʼī, active 808-842.</subfield>
		<subfield code="t">Dīwān al-ḥamāsah</subfield>
		<subfield code="w">(UaCaAUL)b12412740</subfield>
		<subfield code="w">(OCoLC)962957318</subfield>
	</datafield>
	<datafield ind1="4" ind2="0" tag="856">
		<subfield code="u">http://hdl.handle.net/2333.1/q83bkd2v</subfield>
	</datafield>
	<datafield ind1="0" ind2=" " tag="880">
		<subfield code="6">100-01</subfield>
		<subfield code="a">أبو تمام حبيب بن أوس الطائي،</subfield>
		<subfield code="d">active 808-842.</subfield>
	</datafield>
	<datafield ind1="1" ind2="0" tag="880">
		<subfield code="6">240-02</subfield>
		<subfield code="a">حماسة.</subfield>
	</datafield>
	<datafield ind1="1" ind2="0" tag="880">
		<subfield code="6">245-03</subfield>
		<subfield code="a">ديوان الحماسة :</subfield>
		<subfield code="b">مختصر من شرح العلامة التبريزي /</subfield>
		<subfield code="c">لأبي تمام حبيب بن أوس الطائي ؛ علق عليه وراجعه محمد عبد المنعم خفاجي، المدرس بالأزهر.</subfield>
	</datafield>
	<datafield ind1=" " ind2="1" tag="880">
		<subfield code="6">264-04</subfield>
		<subfield code="a">مصر :</subfield>
		<subfield code="b">يطلب من مكتبة ومطبعة محمد عل صبيح وأولاده بميدان الأزهر بمصر،</subfield>
		<subfield code="c">1374 ه، 1955 م.</subfield>
	</datafield>
	<datafield ind1="1" ind2=" " tag="880">
		<subfield code="6">700-05</subfield>
		<subfield code="a">تبريزي، يحيى بن علي،</subfield>
		<subfield code="d">-1109.</subfield>
	</datafield>
	<datafield ind1="1" ind2=" " tag="880">
		<subfield code="6">700-06</subfield>
		<subfield code="a">خفاجي، محمد عبد المنعم.</subfield>
	</datafield>
	<datafield ind1=" " ind2=" " tag="959">
		<subfield code="a">NNU</subfield>
		<subfield code="b">WEB</subfield>
		<subfield code="c">GENI</subfield>
		<subfield code="t">0</subfield>
		<subfield code="m">Electronic access</subfield>
		<subfield code="s">01</subfield>
	</datafield>
	<datafield ind1=" " ind2=" " tag="999">
		<subfield code="i">UaCaAUL_b12412740</subfield>
		<subfield code="o">(OCoLC)ocn962957318</subfield>
		<subfield code="s">auc_aco001104:v.1</subfield>
	</datafield>
</record>
